%% This BibTeX bibliography file was created using BibDesk.
%% https://bibdesk.sourceforge.io/

%% Created for Anna Zhou at 2023-03-04 00:23:45 -0500 


%% Saved with string encoding Unicode (UTF-8) 



@book{green:1939,
	author = {Constance McLaughlin Green},
	publisher = {Yale University Press, New Haven, CT},
	title = {Holyoke, Massachusetts: A Case History of the Industrial Revolution in America},
	url = {https://archives.yale.edu/repositories/12/archival_objects/1572349},
	year = 1939,
	bdsk-url-1 = {https://archives.yale.edu/repositories/12/archival_objects/1572349}}
